<?xml version="1.0" encoding="UTF-8"?><collection xmlns="http://www.loc.gov/MARC21/slim"><record><leader>00433nam--2200145-i-4500</leader><controlfield tag="001">000039571</controlfield><controlfield tag="002">20161230</controlfield><controlfield tag="005">20161230201042</controlfield><controlfield tag="008">060222s1000------------r-----000-0-eng-d</controlfield><datafield ind1=" " ind2=" " tag="080"><subfield code="a">681.3.06(061.3):519(061.3):517(061.3)</subfield></datafield><datafield ind1=" " ind2=" " tag="245"><subfield code="a">Sparce matrice and their applic</subfield></datafield><datafield ind1=" " ind2=" " tag="260"><subfield code="a">New York, Plenum Press, 1972, Xii + 215p</subfield></datafield><datafield ind1=" " ind2=" " tag="490"><subfield code="a">The Ibm Research Symposia Series</subfield></datafield><datafield ind1=" " ind2=" " tag="700"><subfield code="a">Rose, Donald J.And Willoughby Ralph A</subfield></datafield><datafield ind1=" " ind2=" " tag="852"><subfield code="a">40762</subfield></datafield></record></collection>